@Misc{AINT_GOT_TIME,
title = "Ain't Nobody Got Time For That (Original + AutoTune)",
author = "NobodyGotTimeForThis",
howpublished = {\url{https://youtu.be/waEC-8GFTP4}},
}