@InProceedings{Solis_2022,
  author    = {Priscila Solis and Gabriel C Ferreira and Raimundo Guimar{\~{a}}es Saraiva Jr. and Paulo Henrique Portela de Carvalho},
  title     = {Uma An{\'{a}}lise do Open {RAN} e os Desafios da sua Experimenta{\c{c}}{\~{a}}o em Plataformas de C{\'{o}}digo Aberto},
  booktitle = {Anais do {XL} Simp{\'{o}}sio Brasileiro de Telecomunica{\c{c}}{\~{o}}es e Processamento de Sinais},
  year      = {2022},
  publisher = {Sociedade Brasileira de Telecomunica{\c{c}}{\~{o}}es},
  doi       = {10.14209/sbrt.2022.1570824548},
}