@InCollection{de_Carvalho_Ferreira_2019,
  author    = {Gabriel de Carvalho Ferreira and Priscila Solis Barreto and Eduardo Alchieri},
  title     = {Reducing the {IEEE} 802.11 Beacon Overhead in Low Mobility Networks},
  booktitle = {Advanced Information Networking and Applications},
  publisher = {Springer International Publishing},
  year      = {2019},
  pages     = {655--666},
  month     = {mar},
  doi       = {10.1007/978-3-030-15032-7_55},
}

@InProceedings{Ferreira_2019,
  author    = {G. Ferreira and P. Solis Barreto and M.F. Caetano and E. Alchieri and J. Vartiainen and H. Karvonen and M. Matinmikko-Blue and J. Seki},
  title     = {A Tool for Developing Collaborative Sensing and Cognitive {MAC} Layer Solutions for 5G in Rural Areas},
  booktitle = {2019 16th International Symposium on Wireless Communication Systems ({ISWCS})},
  year      = {2019},
  month     = {aug},
  publisher = {{IEEE}},
  doi       = {10.1109/iswcs.2019.8877232},
}

@InProceedings{9142763,
  author    = {Ferreira, Gabriel and Barreto, Priscila Solis and Filho, Geraldo P. Rocha and CaetanoT, Marcos F. and Karvonen, Heikki and Vartiainen, Johanna},
  title     = {MHM: A Novel Collaborative Spectrum Sensing Method based on Markov-chains and Harmonic Mean for 5G Networks},
  booktitle = {2020 IFIP Networking Conference (Networking)},
  year      = {2020},
  pages     = {589-593},
}

@InProceedings{Ferreira_2020,
  author    = {Gabriel Carvalho Ferreira and Priscila Am{\'{e}}rica Solis Mendez Barreto and Marcos Fagundes Caetano and Geraldo Pereira Filho and Johanna Vartiainen and Heikki Karvonen},
  title     = {Uso de Cadeias de Markov para Otimizar o Sensoriamento Colaborativo do Espectro em Redes 5G},
  booktitle = {Anais {XXXVIII} Simp{\'{o}}sio Brasileiro de Redes de Computadores e Sistemas Distribu{\'{\i}}dos ({SBRC} 2020)},
  year      = {2020},
  month     = {dec},
  publisher = {Sociedade Brasileira de Computa{\c{c}}{\~{a}}o},
  doi       = {10.5753/sbrc.2020.12335},
}

@InProceedings{Soares_2020,
  author    = {Rafael Amaral Soares and Gabriel Carvalho Ferreira and Priscila America Solis and Marcos Fagundes Caetano},
  title     = {{EROS}-5: Gerador de Tr{\'{a}}fego Sint{\'{e}}tico para Redes 5G},
  booktitle = {Anais Estendidos do Simp{\'{o}}sio Brasileiro de Redes de Computadores e Sistemas Distribu{\'{\i}}dos ({SBRC} Estendido 2020)},
  year      = {2020},
  month     = {dec},
  publisher = {Sociedade Brasileira de Computa{\c{c}}{\~{a}}o},
  doi       = {10.5753/sbrc_estendido.2020.12400},
}

@InProceedings{Ferreira_2020,
  author    = {Gabriel Carvalho Ferreira and Lu{\'{\i}}s Bel{\'{e}}m Pacheco and Priscila Solis Barreto and Marcos Fagundes Caetano and Eduardo Pelinson Alchieri and Rodrigo Porto Cavalcanti and Diego Aguiar Sousa},
  title     = {{COLAB}-5: Um Modulo para Simula{\c{c}}{\~{a}}o de Redes 5G},
  booktitle = {Anais Estendidos do Simp{\'{o}}sio Brasileiro de Redes de Computadores e Sistemas Distribu{\'{\i}}dos ({SBRC} Estendido 2020)},
  year      = {2020},
  month     = {dec},
  publisher = {Sociedade Brasileira de Computa{\c{c}}{\~{a}}o},
  doi       = {10.5753/sbrc_estendido.2020.12403},
}

@InProceedings{Ferreira_2019,
  author    = {Gabriel Ferreira and Priscila Solis and Marcos Fagundes Caetano and Marcus Vinicius Lamar and Eduardo Alchieri and Johanna Vartiainen and Heikki Karvonen},
  title     = {{COLAB}: M{\'{o}}dulo {LTE} de Sensoriamento Colaborativo e Radio Cognitivo para o Simulador de Redes ns-3},
  booktitle = {Anais Estendidos do Simp{\'{o}}sio Brasileiro de Redes de Computadores e Sistemas Distribu{\'{\i}}dos ({SBRC})},
  year      = {2019},
  month     = {sep},
  publisher = {Sociedade Brasileira de Computa{\c{c}}{\~{a}}o - {SBC}},
  doi       = {10.5753/sbrc_estendido.2019.7766},
}

@InProceedings{Ferreira_2018,
  author    = {Gabriel de Carvalho Ferreira and Priscila Solis Barreto and Eduardo Alchieri},
  title     = {Ajuste Din{\^{a}}mico do Tr{\'{a}}fego de Gerenciamento em Redes 802.11 Infraestruturadas com Baixa Mobilidade},
  booktitle = {Anais do {XXXVI} Simp{\'{o}}sio Brasileiro de Redes de Computadores e Sistemas Distribu{\'{\i}}dos ({SBRC} 2018)},
  year      = {2018},
  month     = {may},
  publisher = {Sociedade Brasileira de Computa{\c{c}}{\~{a}}o - {SBC}},
  doi       = {10.5753/sbrc.2018.2492},
}